@online{venetianBaccarat,
  author    = {{The Venetian Las Vegas}},
  title     = {How to Play Baccarat â€“ Official Rules},
  year      = {2025},
  url       = {https://www.venetianlasvegas.com/casino/table-games/baccarat.html},
  note      = {Accessed: 20 October 2025}
}
